<?xml version="1.0" encoding="UTF-8"?><collection xmlns="http://www.loc.gov/MARC21/slim"><record><leader>00518nam--2200181-u-4500</leader><controlfield tag="001">000054677</controlfield><controlfield tag="002">20161230</controlfield><controlfield tag="005">20161230201051</controlfield><controlfield tag="008">120515s1000------------r-----000-0-rus-d</controlfield><datafield ind1=" " ind2=" " tag="040"><subfield code="a">IFIN-HH</subfield></datafield><datafield ind1=" " ind2=" " tag="041"><subfield code="a">rus</subfield></datafield><datafield ind1=" " ind2=" " tag="080"><subfield code="a">539.16.08</subfield></datafield><datafield ind1="1" ind2=" " tag="100"><subfield code="a">Inihov, G.N</subfield></datafield><datafield ind1="1" ind2="0" tag="245"><subfield code="a">Alfa-, beta-, gamma- i neitronie izluceateli dlia kontrolia i graduirovki dozimetrtriceskoi annaraturi</subfield><subfield code="c">G.n. inihov</subfield></datafield><datafield ind1=" " ind2=" " tag="260"><subfield code="a">Moskva</subfield><subfield code="b">Atomnoi Energii Sssr</subfield><subfield code="c">1963</subfield></datafield><datafield ind1=" " ind2=" " tag="300"><subfield code="a">78P</subfield></datafield><datafield ind1=" " ind2=" " tag="852"><subfield code="a">76035</subfield><subfield code="c">539.16</subfield></datafield><datafield ind1=" " ind2=" " tag="CAT"><subfield code="a">Sys</subfield><subfield code="c">20120515</subfield><subfield code="h">170627</subfield></datafield></record></collection>